
@ARTICLE{Kingma2013,
       author = {{Kingma}, Diederik P and {Welling}, Max},
        title = "{Auto-Encoding Variational Bayes}",
      journal = {arXiv e-prints},
     keywords = {Statistics - Machine Learning, Computer Science - Machine Learning},
         year = 2013,
        month = dec,
          eid = {arXiv:1312.6114},
        pages = {arXiv:1312.6114},
archivePrefix = {arXiv},
       eprint = {1312.6114},
 primaryClass = {stat.ML},
       adsurl = {https://ui.adsabs.harvard.edu/abs/2013arXiv1312.6114K},
      adsnote = {Provided by the SAO/NASA Astrophysics Data System}
}

@ARTICLE{Rezende2014,
       author = {{Jimenez Rezende}, Danilo and {Mohamed}, Shakir and {Wierstra}, Daan},
        title = "{Stochastic Backpropagation and Approximate Inference in Deep Generative Models}",
      journal = {arXiv e-prints},
     keywords = {Statistics - Machine Learning, Computer Science - Artificial Intelligence, Computer Science - Machine Learning, Statistics - Computation, Statistics - Methodology},
         year = 2014,
        month = jan,
          eid = {arXiv:1401.4082},
        pages = {arXiv:1401.4082},
archivePrefix = {arXiv},
       eprint = {1401.4082},
 primaryClass = {stat.ML},
       adsurl = {https://ui.adsabs.harvard.edu/abs/2014arXiv1401.4082J},
      adsnote = {Provided by the SAO/NASA Astrophysics Data System}
}


@article{Modi19,
 adsnote = {Provided by the SAO/NASA Astrophysics Data System},
 adsurl = {https://ui.adsabs.harvard.edu/abs/2019arXiv1907023303M},
 archiveprefix = {arXiv},
 author = {{Modi}, C. and {White}, M. and {Slosar}, A. and {Castorina}, E.},
 eid = {arXiv:1907.02330},
 eprint = {1907.02330},
 journal = {arXiv e-prints},
 keywords = {Astrophysics - Cosmology and Nongalactic Astrophysics},
 month = {Jul},
 pages = {arXiv:1907.02330},
 primaryclass = {astro-ph.CO},
 title = {{Reconstructing large-scale structure with neutral hydrogen surveys}},
 year = {2019}
}

@ARTICLE{Schmidt18,
       author = {{Schmidt}, Fabian and {Elsner}, Franz and {Jasche}, Jens and
         {Nguyen}, Nhat Minh and {Lavaux}, Guilhem},
        title = "{A rigorous EFT-based forward model for large-scale structure}",
      journal = {\jcap},
     keywords = {Astrophysics - Cosmology and Nongalactic Astrophysics},
         year = "2019",
        month = "Jan",
       volume = {2019},
       number = {1},
          eid = {042},
        pages = {042},
          doi = {10.1088/1475-7516/2019/01/042},
archivePrefix = {arXiv},
       eprint = {1808.02002},
 primaryClass = {astro-ph.CO},
       adsurl = {https://ui.adsabs.harvard.edu/abs/2019JCAP...01..042S},
      adsnote = {Provided by the SAO/NASA Astrophysics Data System}
}

@ARTICLE{nfw1997,
       author = {{Navarro}, Julio F. and {Frenk}, Carlos S. and {White}, Simon D.~M.},
        title = "{A Universal Density Profile from Hierarchical Clustering}",
      journal = {\apj},
     keywords = {Cosmology: Theory, Cosmology: Dark Matter, Galaxies: Halos, Methods: Numerical, Astrophysics},
         year = 1997,
        month = dec,
       volume = {490},
       number = {2},
        pages = {493-508},
          doi = {10.1086/304888},
archivePrefix = {arXiv},
       eprint = {astro-ph/9611107},
 primaryClass = {astro-ph},
       adsurl = {https://ui.adsabs.harvard.edu/abs/1997ApJ...490..493N},
      adsnote = {Provided by the SAO/NASA Astrophysics Data System}
}



@ARTICLE{kravtsov2004,
       author = {{Kravtsov}, Andrey V. and {Berlind}, Andreas A. and {Wechsler}, Risa H. and {Klypin}, Anatoly A. and {Gottl{\"o}ber}, Stefan and {Allgood}, Brandon and {Primack}, Joel R.},
        title = "{The Dark Side of the Halo Occupation Distribution}",
      journal = {\apj},
     keywords = {Cosmology: Theory, Galaxies: Formation, Galaxies: Halos, Cosmology: Large-Scale Structure of Universe, Methods: Numerical, Astrophysics},
         year = 2004,
        month = jul,
       volume = {609},
       number = {1},
        pages = {35-49},
          doi = {10.1086/420959},
archivePrefix = {arXiv},
       eprint = {astro-ph/0308519},
 primaryClass = {astro-ph},
       adsurl = {https://ui.adsabs.harvard.edu/abs/2004ApJ...609...35K},
      adsnote = {Provided by the SAO/NASA Astrophysics Data System}
}



@ARTICLE{sinha2018,
       author = {{Sinha}, Manodeep and {Berlind}, Andreas A. and {McBride}, Cameron K. and {Scoccimarro}, Roman and {Piscionere}, Jennifer A. and {Wibking}, Benjamin D.},
        title = "{Towards accurate modelling of galaxy clustering on small scales: testing the standard {\ensuremath{\Lambda}}CDM + halo model}",
      journal = {\mnras},
     keywords = {methods: numerical, galaxies: evolution, galaxies: groups: general, galaxies: haloes, dark matter, large-scale structure of Universe, Astrophysics - Cosmology and Nongalactic Astrophysics, Astrophysics - Astrophysics of Galaxies},
         year = 2018,
        month = jul,
       volume = {478},
       number = {1},
        pages = {1042-1064},
          doi = {10.1093/mnras/sty967},
archivePrefix = {arXiv},
       eprint = {1708.04892},
 primaryClass = {astro-ph.CO},
       adsurl = {https://ui.adsabs.harvard.edu/abs/2018MNRAS.478.1042S},
      adsnote = {Provided by the SAO/NASA Astrophysics Data System}
}




@ARTICLE{rodriguez-torres2016,
       author = {{Rodr{\'\i}guez-Torres}, Sergio A. and {Chuang}, Chia-Hsun and {Prada}, Francisco and {Guo}, Hong and {Klypin}, Anatoly and {Behroozi}, Peter and {Hahn}, Chang Hoon and {Comparat}, Johan and {Yepes}, Gustavo and {Montero-Dorta}, Antonio D. and {Brownstein}, Joel R. and {Maraston}, Claudia and {McBride}, Cameron K. and {Tinker}, Jeremy and {Gottl{\"o}ber}, Stefan and {Favole}, Ginevra and {Shu}, Yiping and {Kitaura}, Francisco-Shu and {Bolton}, Adam and {Scoccimarro}, Rom{\'a}n and {Samushia}, Lado and {Schlegel}, David and {Schneider}, Donald P. and {Thomas}, Daniel},
        title = "{The clustering of galaxies in the SDSS-III Baryon Oscillation Spectroscopic Survey: modelling the clustering and halo occupation distribution of BOSS CMASS galaxies in the Final Data Release}",
      journal = {\mnras},
     keywords = {methods: numerical, galaxies: abundances, galaxies: haloes, large-scale structure of Universe, Astrophysics - Cosmology and Nongalactic Astrophysics, Astrophysics - Astrophysics of Galaxies},
         year = 2016,
        month = aug,
       volume = {460},
       number = {2},
        pages = {1173-1187},
          doi = {10.1093/mnras/stw1014},
archivePrefix = {arXiv},
       eprint = {1509.06404},
 primaryClass = {astro-ph.CO},
       adsurl = {https://ui.adsabs.harvard.edu/abs/2016MNRAS.460.1173R},
      adsnote = {Provided by the SAO/NASA Astrophysics Data System}
}



@ARTICLE{white2011,
       author = {{White}, Martin and {Blanton}, M. and {Bolton}, A. and {Schlegel}, D. and {Tinker}, J. and {Berlind}, A. and {da Costa}, L. and {Kazin}, E. and {Lin}, Y. -T. and {Maia}, M. and {McBride}, C.~K. and {Padmanabhan}, N. and {Parejko}, J. and {Percival}, W. and {Prada}, F. and {Ramos}, B. and {Sheldon}, E. and {de Simoni}, F. and {Skibba}, R. and {Thomas}, D. and {Wake}, D. and {Zehavi}, I. and {Zheng}, Z. and {Nichol}, R. and {Schneider}, Donald P. and {Strauss}, Michael A. and {Weaver}, B.~A. and {Weinberg}, David H.},
        title = "{The Clustering of Massive Galaxies at z \raisebox{-0.5ex}\textasciitilde 0.5 from the First Semester of BOSS Data}",
      journal = {\apj},
     keywords = {large-scale structure of universe, Astrophysics - Cosmology and Nongalactic Astrophysics},
         year = 2011,
        month = feb,
       volume = {728},
       number = {2},
          eid = {126},
        pages = {126},
          doi = {10.1088/0004-637X/728/2/126},
archivePrefix = {arXiv},
       eprint = {1010.4915},
 primaryClass = {astro-ph.CO},
       adsurl = {https://ui.adsabs.harvard.edu/abs/2011ApJ...728..126W},
      adsnote = {Provided by the SAO/NASA Astrophysics Data System}
}




@ARTICLE{cooray2002,
       author = {{Cooray}, Asantha and {Sheth}, Ravi},
        title = "{Halo models of large scale structure}",
      journal = {\physrep},
     keywords = {Astrophysics},
         year = 2002,
        month = dec,
       volume = {372},
       number = {1},
        pages = {1-129},
          doi = {10.1016/S0370-1573(02)00276-4},
archivePrefix = {arXiv},
       eprint = {astro-ph/0206508},
 primaryClass = {astro-ph},
       adsurl = {https://ui.adsabs.harvard.edu/abs/2002PhR...372....1C},
      adsnote = {Provided by the SAO/NASA Astrophysics Data System}
}


@ARTICLE{wechsler2018,
       author = {{Wechsler}, Risa H. and {Tinker}, Jeremy L.},
        title = "{The Connection Between Galaxies and Their Dark Matter Halos}",
      journal = {\araa},
     keywords = {Astrophysics - Astrophysics of Galaxies, Astrophysics - Cosmology and Nongalactic Astrophysics},
         year = 2018,
        month = sep,
       volume = {56},
        pages = {435-487},
          doi = {10.1146/annurev-astro-081817-051756},
archivePrefix = {arXiv},
       eprint = {1804.03097},
 primaryClass = {astro-ph.GA},
       adsurl = {https://ui.adsabs.harvard.edu/abs/2018ARA&A..56..435W},
      adsnote = {Provided by the SAO/NASA Astrophysics Data System}
}




@ARTICLE{benson2000,
       author = {{Benson}, A.~J. and {Cole}, S. and {Frenk}, C.~S. and {Baugh}, C.~M. and {Lacey}, C.~G.},
        title = "{The nature of galaxy bias and clustering}",
      journal = {\mnras},
     keywords = {GALAXIES: FORMATION, GALAXIES: STATISTICS, LARGE-SCALE STRUCTURE OF UNIVERSE, Astrophysics},
         year = 2000,
        month = feb,
       volume = {311},
       number = {4},
        pages = {793-808},
          doi = {10.1046/j.1365-8711.2000.03101.x},
archivePrefix = {arXiv},
       eprint = {astro-ph/9903343},
 primaryClass = {astro-ph},
       adsurl = {https://ui.adsabs.harvard.edu/abs/2000MNRAS.311..793B},
      adsnote = {Provided by the SAO/NASA Astrophysics Data System}
}



@ARTICLE{Berlind2002,,
       author = {{Berlind}, Andreas A. and {Weinberg}, David H.},
        title = "{The Halo Occupation Distribution: Toward an Empirical Determination of the Relation between Galaxies and Mass}",
      journal = {\apj},
     keywords = {Cosmology: Theory, Galaxies: Formation, Cosmology: Large-Scale Structure of Universe, Methods: n-Body Simulations, Astrophysics},
         year = 2002,
        month = aug,
       volume = {575},
       number = {2},
        pages = {587-616},
          doi = {10.1086/341469},
archivePrefix = {arXiv},
       eprint = {astro-ph/0109001},
 primaryClass = {astro-ph},
       adsurl = {https://ui.adsabs.harvard.edu/abs/2002ApJ...575..587B},
      adsnote = {Provided by the SAO/NASA Astrophysics Data System}
}




@ARTICLE{bond1991,
       author = {{Bond}, J.~R. and {Cole}, S. and {Efstathiou}, G. and {Kaiser}, N.},
        title = "{Excursion Set Mass Functions for Hierarchical Gaussian Fluctuations}",
      journal = {\apj},
     keywords = {Computational Astrophysics, Gauss Equation, Dark Matter, Density Distribution, Many Body Problem, Mass Distribution, Monte Carlo Method, Astrophysics, COSMOLOGY, GALAXIES: CLUSTERING, NUMERICAL METHODS},
         year = 1991,
        month = oct,
       volume = {379},
        pages = {440},
          doi = {10.1086/170520},
       adsurl = {https://ui.adsabs.harvard.edu/abs/1991ApJ...379..440B},
      adsnote = {Provided by the SAO/NASA Astrophysics Data System}
}



@ARTICLE{press1974,
       author = {{Press}, William H. and {Schechter}, Paul},
        title = "{Formation of Galaxies and Clusters of Galaxies by Self-Similar Gravitational Condensation}",
      journal = {\apj},
         year = 1974,
        month = feb,
       volume = {187},
        pages = {425-438},
          doi = {10.1086/152650},
       adsurl = {https://ui.adsabs.harvard.edu/abs/1974ApJ...187..425P},
      adsnote = {Provided by the SAO/NASA Astrophysics Data System}
}



@ARTICLE{lemson1999,
       author = {{Lemson}, Gerard and {Kauffmann}, Guinevere},
        title = "{Environmental influences on dark matter haloes and consequences for the galaxies within them}",
      journal = {\mnras},
         year = 1999,
        month = jan,
       volume = {302},
       number = {1},
        pages = {111-117},
          doi = {10.1046/j.1365-8711.1999.02090.x},
       adsurl = {https://ui.adsabs.harvard.edu/abs/1999MNRAS.302..111L},
      adsnote = {Provided by the SAO/NASA Astrophysics Data System}
}

@ARTICLE{seljak2000,
       author = {{Seljak}, Uro{\v{s}}},
        title = "{Analytic model for galaxy and dark matter clustering}",
      journal = {\mnras},
     keywords = {GALAXIES: CLUSTERS: GENERAL, COSMOLOGY: THEORY, DARK MATTER, Astrophysics},
         year = 2000,
        month = oct,
       volume = {318},
       number = {1},
        pages = {203-213},
          doi = {10.1046/j.1365-8711.2000.03715.x},
archivePrefix = {arXiv},
       eprint = {astro-ph/0001493},
 primaryClass = {astro-ph},
       adsurl = {https://ui.adsabs.harvard.edu/abs/2000MNRAS.318..203S},
      adsnote = {Provided by the SAO/NASA Astrophysics Data System}
}

@ARTICLE{scoccimarro2001,
       author = {{Scoccimarro}, Rom{\'a}n and {Sheth}, Ravi K. and {Hui}, Lam and {Jain}, Bhuvnesh},
        title = "{How Many Galaxies Fit in a Halo? Constraints on Galaxy Formation Efficiency from Spatial Clustering}",
      journal = {\apj},
     keywords = {Cosmology: Theory, Galaxies: Clusters: General, Cosmology: Large-Scale Structure of Universe, Astrophysics},
         year = 2001,
        month = jan,
       volume = {546},
       number = {1},
        pages = {20-34},
          doi = {10.1086/318261},
archivePrefix = {arXiv},
       eprint = {astro-ph/0006319},
 primaryClass = {astro-ph},
       adsurl = {https://ui.adsabs.harvard.edu/abs/2001ApJ...546...20S},
      adsnote = {Provided by the SAO/NASA Astrophysics Data System}
}

@ARTICLE{2007zheng,
       author = {{Zheng}, Zheng and {Coil}, Alison L. and {Zehavi}, Idit},
        title = "{Galaxy Evolution from Halo Occupation Distribution Modeling of DEEP2 and SDSS Galaxy Clustering}",
      journal = {\apj},
     keywords = {Cosmology: Observations, Galaxies: Distances and Redshifts, Galaxies: Evolution, Galaxies: Halos, Galaxies: Statistics, Cosmology: Large-Scale Structure of Universe, Astrophysics},
         year = 2007,
        month = oct,
       volume = {667},
       number = {2},
        pages = {760-779},
          doi = {10.1086/521074},
archivePrefix = {arXiv},
       eprint = {astro-ph/0703457},
 primaryClass = {astro-ph},
       adsurl = {https://ui.adsabs.harvard.edu/abs/2007ApJ...667..760Z},
      adsnote = {Provided by the SAO/NASA Astrophysics Data System}
}

@ARTICLE{2017arXiv171110604D,
       author = {{Dillon}, Joshua V. and {Langmore}, Ian and {Tran}, Dustin and
         {Brevdo}, Eugene and {Vasudevan}, Srinivas and {Moore}, Dave and
         {Patton}, Brian and {Alemi}, Alex and {Hoffman}, Matt and
         {Saurous}, Rif A.},
        title = "{TensorFlow Distributions}",
      journal = {arXiv e-prints},
     keywords = {Computer Science - Machine Learning, Computer Science - Artificial Intelligence, Computer Science - Programming Languages, Statistics - Machine Learning},
         year = 2017,
        month = nov,
          eid = {arXiv:1711.10604},
        pages = {arXiv:1711.10604},
archivePrefix = {arXiv},
       eprint = {1711.10604},
 primaryClass = {cs.LG},
       adsurl = {https://ui.adsabs.harvard.edu/abs/2017arXiv171110604D},
      adsnote = {Provided by the SAO/NASA Astrophysics Data System}
}

@ARTICLE{2016arXiv161009787T,
       author = {{Tran}, Dustin and {Kucukelbir}, Alp and {Dieng}, Adji B. and
         {Rudolph}, Maja and {Liang}, Dawen and {Blei}, David M.},
        title = "{Edward: A library for probabilistic modeling, inference, and criticism}",
      journal = {arXiv e-prints},
     keywords = {Statistics - Computation, Computer Science - Artificial Intelligence, Computer Science - Programming Languages, Statistics - Applications, Statistics - Machine Learning},
         year = 2016,
        month = oct,
          eid = {arXiv:1610.09787},
        pages = {arXiv:1610.09787},
archivePrefix = {arXiv},
       eprint = {1610.09787},
 primaryClass = {stat.CO},
       adsurl = {https://ui.adsabs.harvard.edu/abs/2016arXiv161009787T},
      adsnote = {Provided by the SAO/NASA Astrophysics Data System}
}

@misc{morgan2018probabilistic,
  title={Probabilistic Programming in TensorFlow},
  author={Morgan, Peter},
  year={2018},
  publisher={May}
}

@ARTICLE{2016MNRAS.460.2552H,
       author = {{Hearin}, Andrew P. and {Zentner}, Andrew R. and
         {van den Bosch}, Frank C. and {Campbell}, Duncan and {Tollerud}, Erik},
        title = "{Introducing decorated HODs: modelling assembly bias in the galaxy-halo connection}",
      journal = {\mnras},
     keywords = {galaxies: evolution, galaxies: haloes, cosmology: theory, dark matter, large-scale structure of universe, Astrophysics - Cosmology and Nongalactic Astrophysics},
         year = 2016,
        month = aug,
       volume = {460},
       number = {3},
        pages = {2552-2570},
          doi = {10.1093/mnras/stw840},
archivePrefix = {arXiv},
       eprint = {1512.03050},
 primaryClass = {astro-ph.CO},
       adsurl = {https://ui.adsabs.harvard.edu/abs/2016MNRAS.460.2552H},
      adsnote = {Provided by the SAO/NASA Astrophysics Data System}
}


@ARTICLE{2018RNAAS...2...55R,
       author = {{Robotham}, A.~S.~G. and {Howlett}, Cullan},
        title = "{A Short Research Note on Calculating Exact Distribution Functions and Random Sampling for the 3D NFW Profile}",
      journal = {Research Notes of the American Astronomical Society},
     keywords = {Astrophysics - Cosmology and Nongalactic Astrophysics},
         year = 2018,
        month = jun,
       volume = {2},
       number = {2},
          eid = {55},
        pages = {55},
          doi = {10.3847/2515-5172/aacc70},
archivePrefix = {arXiv},
       eprint = {1805.09550},
 primaryClass = {astro-ph.CO},
       adsurl = {https://ui.adsabs.harvard.edu/abs/2018RNAAS...2...55R},
      adsnote = {Provided by the SAO/NASA Astrophysics Data System}
}



@ARTICLE{2011Bolshoi,
       author = {{Klypin}, Anatoly A. and {Trujillo-Gomez}, Sebastian and {Primack}, Joel},
        title = "{Dark Matter Halos in the Standard Cosmological Model: Results from the Bolshoi Simulation}",
      journal = {\apj},
     keywords = {cosmology: theory, large-scale structure of universe, methods: numerical, Astrophysics - Cosmology and Nongalactic Astrophysics},
         year = 2011,
        month = oct,
       volume = {740},
       number = {2},
          eid = {102},
        pages = {102},
          doi = {10.1088/0004-637X/740/2/102},
archivePrefix = {arXiv},
       eprint = {1002.3660},
 primaryClass = {astro-ph.CO},
       adsurl = {https://ui.adsabs.harvard.edu/abs/2011ApJ...740..102K},
      adsnote = {Provided by the SAO/NASA Astrophysics Data System}
}

@ARTICLE{2019MNRAS.484..989W,
       author = {{Wibking}, Benjamin D. and {Salcedo}, Andr{\'e}s N. and {Weinberg}, David H. and {Garrison}, Lehman H. and {Ferrer}, Douglas and {Tinker}, Jeremy and {Eisenstein}, Daniel and {Metchnik}, Marc and {Pinto}, Philip},
        title = "{Emulating galaxy clustering and galaxy-galaxy lensing into the deeply non-linear regime: methodology, information, and forecasts}",
      journal = {\mnras},
     keywords = {gravitational lensing: weak, cosmological parameters, arge-scale structure of Universe, Astrophysics - Cosmology and Nongalactic Astrophysics},
         year = 2019,
        month = mar,
       volume = {484},
       number = {1},
        pages = {989-1006},
          doi = {10.1093/mnras/sty2258},
archivePrefix = {arXiv},
       eprint = {1709.07099},
 primaryClass = {astro-ph.CO},
       adsurl = {https://ui.adsabs.harvard.edu/abs/2019MNRAS.484..989W},
      adsnote = {Provided by the SAO/NASA Astrophysics Data System}
}


@ARTICLE{2020MNRAS.492.2872W,
       author = {{Wibking}, Benjamin D. and {Weinberg}, David H. and {Salcedo}, Andr{\'e}s N. and {Wu}, Hao-Yi and {Singh}, Sukhdeep and {Rodr{\'\i}guez-Torres}, Sergio and {Garrison}, Lehman H. and {Eisenstein}, Daniel J.},
        title = "{Cosmology with galaxy-galaxy lensing on non-perturbative scales: emulation method and application to BOSS LOWZ}",
      journal = {\mnras},
     keywords = {large-scale structure of Universe, cosmological parameters, dark energy, cosmology: observations, Astrophysics - Cosmology and Nongalactic Astrophysics},
         year = 2020,
        month = feb,
       volume = {492},
       number = {2},
        pages = {2872-2896},
          doi = {10.1093/mnras/stz3423},
archivePrefix = {arXiv},
       eprint = {1907.06293},
 primaryClass = {astro-ph.CO},
       adsurl = {https://ui.adsabs.harvard.edu/abs/2020MNRAS.492.2872W},
      adsnote = {Provided by the SAO/NASA Astrophysics Data System}
}

@ARTICLE{2020PhRvD.102f3504K,
       author = {{Kobayashi}, Yosuke and {Nishimichi}, Takahiro and {Takada}, Masahiro and {Takahashi}, Ryuichi and {Osato}, Ken},
        title = "{Accurate emulator for the redshift-space power spectrum of dark matter halos and its application to galaxy power spectrum}",
      journal = {\prd},
     keywords = {Astrophysics - Cosmology and Nongalactic Astrophysics},
         year = 2020,
        month = sep,
       volume = {102},
       number = {6},
          eid = {063504},
        pages = {063504},
          doi = {10.1103/PhysRevD.102.063504},
archivePrefix = {arXiv},
       eprint = {2005.06122},
 primaryClass = {astro-ph.CO},
       adsurl = {https://ui.adsabs.harvard.edu/abs/2020PhRvD.102f3504K},
      adsnote = {Provided by the SAO/NASA Astrophysics Data System}
}


@ARTICLE{2015ApJ...810...35K,
       author = {{Kwan}, Juliana and {Heitmann}, Katrin and {Habib}, Salman and {Padmanabhan}, Nikhil and {Lawrence}, Earl and {Finkel}, Hal and {Frontiere}, Nicholas and {Pope}, Adrian},
        title = "{Cosmic Emulation: Fast Predictions for the Galaxy Power Spectrum}",
      journal = {\apj},
     keywords = {cosmology: theory, large-scale structure of universe, Astrophysics - Cosmology and Nongalactic Astrophysics},
         year = 2015,
        month = sep,
       volume = {810},
       number = {1},
          eid = {35},
        pages = {35},
          doi = {10.1088/0004-637X/810/1/35},
archivePrefix = {arXiv},
       eprint = {1311.6444},
 primaryClass = {astro-ph.CO},
       adsurl = {https://ui.adsabs.harvard.edu/abs/2015ApJ...810...35K},
      adsnote = {Provided by the SAO/NASA Astrophysics Data System}
}

@ARTICLE{2020arXiv200608063P,
       author = {{Paulus}, Max B. and {Choi}, Dami and {Tarlow}, Daniel and {Krause}, Andreas and {Maddison}, Chris J.},
        title = "{Gradient Estimation with Stochastic Softmax Tricks}",
      journal = {arXiv e-prints},
     keywords = {Statistics - Machine Learning, Computer Science - Machine Learning},
         year = 2020,
        month = jun,
          eid = {arXiv:2006.08063},
        pages = {arXiv:2006.08063},
archivePrefix = {arXiv},
       eprint = {2006.08063},
 primaryClass = {stat.ML},
       adsurl = {https://ui.adsabs.harvard.edu/abs/2020arXiv200608063P},
      adsnote = {Provided by the SAO/NASA Astrophysics Data System}
}


@ARTICLE{2016arXiv161100712M,
       author = {{Maddison}, Chris J. and {Mnih}, Andriy and {Whye Teh}, Yee},
        title = "{The Concrete Distribution: A Continuous Relaxation of Discrete Random Variables}",
      journal = {arXiv e-prints},
     keywords = {Computer Science - Machine Learning, Statistics - Machine Learning},
         year = 2016,
        month = nov,
          eid = {arXiv:1611.00712},
        pages = {arXiv:1611.00712},
archivePrefix = {arXiv},
       eprint = {1611.00712},
 primaryClass = {cs.LG},
       adsurl = {https://ui.adsabs.harvard.edu/abs/2016arXiv161100712M},
      adsnote = {Provided by the SAO/NASA Astrophysics Data System}
}

@ARTICLE{2019ApJ...884...29N,
       author = {{Nishimichi}, Takahiro and {Takada}, Masahiro and {Takahashi}, Ryuichi and {Osato}, Ken and {Shirasaki}, Masato and {Oogi}, Taira and {Miyatake}, Hironao and {Oguri}, Masamune and {Murata}, Ryoma and {Kobayashi}, Yosuke and {Yoshida}, Naoki},
        title = "{Dark Quest. I. Fast and Accurate Emulation of Halo Clustering Statistics and Its Application to Galaxy Clustering}",
      journal = {\apj},
     keywords = {large-scale structure of universe, methods: numerical, methods: statistical, Astrophysics - Cosmology and Nongalactic Astrophysics},
         year = 2019,
        month = oct,
       volume = {884},
       number = {1},
          eid = {29},
        pages = {29},
          doi = {10.3847/1538-4357/ab3719},
archivePrefix = {arXiv},
       eprint = {1811.09504},
 primaryClass = {astro-ph.CO},
       adsurl = {https://ui.adsabs.harvard.edu/abs/2019ApJ...884...29N},
      adsnote = {Provided by the SAO/NASA Astrophysics Data System}
}



@ARTICLE{2021arXiv210505859H,
       author = {{Hearin}, Andrew P. and {Chaves-Montero}, Jon{\'a}s and {Becker}, Matthew R. and {Alarcon}, Alex},
        title = "{A Differentiable Model of the Assembly of Individual and Populations of Dark Matter Halos}",
      journal = {arXiv e-prints},
     keywords = {Astrophysics - Cosmology and Nongalactic Astrophysics, Astrophysics - Astrophysics of Galaxies},
         year = 2021,
        month = may,
          eid = {arXiv:2105.05859},
        pages = {arXiv:2105.05859},
archivePrefix = {arXiv},
       eprint = {2105.05859},
 primaryClass = {astro-ph.CO},
       adsurl = {https://ui.adsabs.harvard.edu/abs/2021arXiv210505859H},
      adsnote = {Provided by the SAO/NASA Astrophysics Data System}
}


@ARTICLE{2017MNRAS.470.4646S,
       author = {{Smith}, Alex and {Cole}, Shaun and {Baugh}, Carlton and {Zheng}, Zheng and {Angulo}, Ra{\'u}l and {Norberg}, Peder and {Zehavi}, Idit},
        title = "{A lightcone catalogue from the Millennium-XXL simulation}",
      journal = {\mnras},
     keywords = {methods: analytical, galaxies: haloes, dark energy, dark matter, large-scale structure of Universe, Astrophysics - Cosmology and Nongalactic Astrophysics},
         year = 2017,
        month = oct,
       volume = {470},
       number = {4},
        pages = {4646-4661},
          doi = {10.1093/mnras/stx1432},
archivePrefix = {arXiv},
       eprint = {1701.06581},
 primaryClass = {astro-ph.CO},
       adsurl = {https://ui.adsabs.harvard.edu/abs/2017MNRAS.470.4646S},
      adsnote = {Provided by the SAO/NASA Astrophysics Data System}
}

@ARTICLE{2016arXiv161101144J,
       author = {{Jang}, Eric and {Gu}, Shixiang and {Poole}, Ben},
        title = "{Categorical Reparameterization with Gumbel-Softmax}",
      journal = {arXiv e-prints},
     keywords = {Statistics - Machine Learning, Computer Science - Machine Learning},
         year = 2016,
        month = nov,
          eid = {arXiv:1611.01144},
        pages = {arXiv:1611.01144},
archivePrefix = {arXiv},
       eprint = {1611.01144},
 primaryClass = {stat.ML},
       adsurl = {https://ui.adsabs.harvard.edu/abs/2016arXiv161101144J},
      adsnote = {Provided by the SAO/NASA Astrophysics Data System}
}

@ARTICLE{2013PASP..125..306F,
       author = {{Foreman-Mackey}, Daniel and {Hogg}, David W. and {Lang}, Dustin and {Goodman}, Jonathan},
        title = "{emcee: The MCMC Hammer}",
      journal = {\pasp},
     keywords = {Astrophysics - Instrumentation and Methods for Astrophysics, Physics - Computational Physics, Statistics - Computation},
         year = 2013,
        month = mar,
       volume = {125},
       number = {925},
        pages = {306},
          doi = {10.1086/670067},
archivePrefix = {arXiv},
       eprint = {1202.3665},
 primaryClass = {astro-ph.IM},
       adsurl = {https://ui.adsabs.harvard.edu/abs/2013PASP..125..306F},
      adsnote = {Provided by the SAO/NASA Astrophysics Data System}
}

@ARTICLE{2018MNRAS.478.2019Y,
       author = {{Yuan}, Sihan and {Eisenstein}, Daniel J. and {Garrison}, Lehman H.},
        title = "{Exploring the squeezed three-point galaxy correlation function with generalized halo occupation distribution models}",
      journal = {\mnras},
     keywords = {methods: analytical, galaxies: haloes, (cosmology): dark matter, (cosmology): large-scale structure of Universe, Astrophysics - Cosmology and Nongalactic Astrophysics},
         year = 2018,
        month = aug,
       volume = {478},
       number = {2},
        pages = {2019-2033},
          doi = {10.1093/mnras/sty1089},
archivePrefix = {arXiv},
       eprint = {1802.10115},
 primaryClass = {astro-ph.CO},
       adsurl = {https://ui.adsabs.harvard.edu/abs/2018MNRAS.478.2019Y},
      adsnote = {Provided by the SAO/NASA Astrophysics Data System}
}


@ARTICLE{2015MNRAS.446.1939F,
       author = {{Feldmann}, Robert and {Mayer}, Lucio},
        title = "{The Argo simulation - I. Quenching of massive galaxies at high redshift as a result of cosmological starvation}",
      journal = {\mnras},
     keywords = {galaxies: evolution, galaxies: high-redshift, galaxies: star formation, Astrophysics - Astrophysics of Galaxies, Astrophysics - Cosmology and Nongalactic Astrophysics},
         year = 2015,
        month = jan,
       volume = {446},
       number = {2},
        pages = {1939-1956},
          doi = {10.1093/mnras/stu2207},
archivePrefix = {arXiv},
       eprint = {1404.3212},
 primaryClass = {astro-ph.GA},
       adsurl = {https://ui.adsabs.harvard.edu/abs/2015MNRAS.446.1939F},
      adsnote = {Provided by the SAO/NASA Astrophysics Data System}
}



@ARTICLE{2007MNRAS.374.1303C,
       author = {{Croton}, Darren J. and {Gao}, Liang and {White}, Simon D.~M.},
        title = "{Halo assembly bias and its effects on galaxy clustering}",
      journal = {\mnras},
     keywords = {galaxies: evolution, galaxies: statistics, cosmology: theory., large-scale structure of Universe, Astrophysics},
         year = 2007,
        month = feb,
       volume = {374},
       number = {4},
        pages = {1303-1309},
          doi = {10.1111/j.1365-2966.2006.11230.x},
archivePrefix = {arXiv},
       eprint = {astro-ph/0605636},
 primaryClass = {astro-ph},
       adsurl = {https://ui.adsabs.harvard.edu/abs/2007MNRAS.374.1303C},
      adsnote = {Provided by the SAO/NASA Astrophysics Data System}
}



@ARTICLE{2007MNRAS.377L...5G,
       author = {{Gao}, Liang and {White}, Simon D.~M.},
        title = "{Assembly bias in the clustering of dark matter haloes}",
      journal = {\mnras},
     keywords = {methods: N-body simulations, methods: numerical, galaxies: haloes, galaxies: clustering, dark matter, Astrophysics},
         year = 2007,
        month = apr,
       volume = {377},
       number = {1},
        pages = {L5-L9},
          doi = {10.1111/j.1745-3933.2007.00292.x},
archivePrefix = {arXiv},
       eprint = {astro-ph/0611921},
 primaryClass = {astro-ph},
       adsurl = {https://ui.adsabs.harvard.edu/abs/2007MNRAS.377L...5G},
      adsnote = {Provided by the SAO/NASA Astrophysics Data System}
}


@ARTICLE{2006ApJ...639L...5Z,
       author = {{Zhu}, Guangtun and {Zheng}, Zheng and {Lin}, W.~P. and {Jing}, Y.~P. and {Kang}, Xi and {Gao}, Liang},
        title = "{The Dependence of the Occupation of Galaxies on the Halo Formation Time}",
      journal = {\apjl},
     keywords = {Cosmology: Theory, Cosmology: Dark Matter, Galaxies: Formation, Galaxies: Halos, Cosmology: Large-Scale Structure of Universe, Astrophysics},
         year = 2006,
        month = mar,
       volume = {639},
       number = {1},
        pages = {L5-L8},
          doi = {10.1086/501501},
archivePrefix = {arXiv},
       eprint = {astro-ph/0601120},
 primaryClass = {astro-ph},
       adsurl = {https://ui.adsabs.harvard.edu/abs/2006ApJ...639L...5Z},
      adsnote = {Provided by the SAO/NASA Astrophysics Data System}
}

@ARTICLE{2014arXiv1411.0030M,
       author = {{Maddison}, Chris J. and {Tarlow}, Daniel and {Minka}, Tom},
        title = "{A* Sampling}",
      journal = {arXiv e-prints},
     keywords = {Statistics - Computation, Statistics - Machine Learning},
         year = 2014,
        month = oct,
          eid = {arXiv:1411.0030},
        pages = {arXiv:1411.0030},
archivePrefix = {arXiv},
       eprint = {1411.0030},
 primaryClass = {stat.CO},
       adsurl = {https://ui.adsabs.harvard.edu/abs/2014arXiv1411.0030M},
      adsnote = {Provided by the SAO/NASA Astrophysics Data System}
}
@book{gelman2013bayesian,
  title={Bayesian data analysis},
  author={Gelman, Andrew and Carlin, John B and Stern, Hal S and Dunson, David B and Vehtari, Aki and Rubin, Donald B},
  year={2013},
  publisher={CRC press}
}

@ARTICLE{2018arXiv180306473G,
       author = {{Gunapati}, Geetakrishnasai and {Jain}, Anirudh and {Srijith}, P.~K. and {Desai}, Shantanu},
        title = "{Variational Inference as an alternative to MCMC for parameter estimation and model selection}",
      journal = {arXiv e-prints},
     keywords = {Astrophysics - Instrumentation and Methods for Astrophysics, Physics - Data Analysis, Statistics and Probability},
         year = 2018,
        month = mar,
          eid = {arXiv:1803.06473},
        pages = {arXiv:1803.06473},
archivePrefix = {arXiv},
       eprint = {1803.06473},
 primaryClass = {astro-ph.IM},
       adsurl = {https://ui.adsabs.harvard.edu/abs/2018arXiv180306473G},
      adsnote = {Provided by the SAO/NASA Astrophysics Data System}
}

@book{gumbel1954statistical,
  title={Statistical theory of extreme values and some practical applications: a series of lectures},
  author={Gumbel, Emil Julius},
  volume={33},
  year={1954},
  publisher={US Government Printing Office}
}
@ARTICLE{2016MNRAS.460.2552H,
       author = {{Hearin}, Andrew P. and {Zentner}, Andrew R. and {van den Bosch}, Frank C. and {Campbell}, Duncan and {Tollerud}, Erik},
        title = "{Introducing decorated HODs: modelling assembly bias in the galaxy-halo connection}",
      journal = {\mnras},
     keywords = {galaxies: evolution, galaxies: haloes, cosmology: theory, dark matter, large-scale structure of universe, Astrophysics - Cosmology and Nongalactic Astrophysics},
         year = 2016,
        month = aug,
       volume = {460},
       number = {3},
        pages = {2552-2570},
          doi = {10.1093/mnras/stw840},
archivePrefix = {arXiv},
       eprint = {1512.03050},
 primaryClass = {astro-ph.CO},
       adsurl = {https://ui.adsabs.harvard.edu/abs/2016MNRAS.460.2552H},
      adsnote = {Provided by the SAO/NASA Astrophysics Data System}
}


@ARTICLE{2020MNRAS.493.5506H,
       author = {{Hadzhiyska}, Boryana and {Bose}, Sownak and {Eisenstein}, Daniel and {Hernquist}, Lars and {Spergel}, David N.},
        title = "{Limitations to the `basic' HOD model and beyond}",
      journal = {\mnras},
     keywords = {methods: numerical, galaxies: haloes, large-scale structure of Universe, cosmology: theory, Astrophysics - Cosmology and Nongalactic Astrophysics, Astrophysics - Astrophysics of Galaxies},
         year = 2020,
        month = apr,
       volume = {493},
       number = {4},
        pages = {5506-5519},
          doi = {10.1093/mnras/staa623},
archivePrefix = {arXiv},
       eprint = {1911.02610},
 primaryClass = {astro-ph.CO},
       adsurl = {https://ui.adsabs.harvard.edu/abs/2020MNRAS.493.5506H},
      adsnote = {Provided by the SAO/NASA Astrophysics Data System}
}


@ARTICLE{2020arXiv201011847M,
       author = {{Modi}, Chirag and {Lanusse}, Francois and {Seljak}, Uros},
        title = "{FlowPM: Distributed TensorFlow Implementation of the FastPM Cosmological N-body Solver}",
      journal = {arXiv e-prints},
     keywords = {Astrophysics - Cosmology and Nongalactic Astrophysics, Astrophysics - Instrumentation and Methods for Astrophysics},
         year = 2020,
        month = oct,
          eid = {arXiv:2010.11847},
        pages = {arXiv:2010.11847},
archivePrefix = {arXiv},
       eprint = {2010.11847},
 primaryClass = {astro-ph.CO},
       adsurl = {https://ui.adsabs.harvard.edu/abs/2020arXiv201011847M},
      adsnote = {Provided by the SAO/NASA Astrophysics Data System}
}

@article{peterson1987mean,
  title={A mean field theory learning algorithm for neural networks},
  author={Peterson, Carsten},
  journal={Complex systems},
  volume={1},
  pages={995--1019},
  year={1987}
}

@ARTICLE{1987PhLB..195..216D,
       author = {{Duane}, Simon and {Kennedy}, A.~D. and {Pendleton}, Brian J. and {Roweth}, Duncan},
        title = "{Hybrid Monte Carlo}",
      journal = {Physics Letters B},
         year = 1987,
        month = sep,
       volume = {195},
       number = {2},
        pages = {216-222},
          doi = {10.1016/0370-2693(87)91197-X},
       adsurl = {https://ui.adsabs.harvard.edu/abs/1987PhLB..195..216D},
      adsnote = {Provided by the SAO/NASA Astrophysics Data System}
}

@PHDTHESIS{2003PhDT.......250B,
       author = {{Beal}, Matthew James},
        title = "{Variational algorithms for approximate Bayesian inference}",
     keywords = {Computer science;Physics},
       school = {University of London, University College London (United Kingdom)},
         year = 2003,
        month = jan,
       adsurl = {https://ui.adsabs.harvard.edu/abs/2003PhDT.......250B},
      adsnote = {Provided by the SAO/NASA Astrophysics Data System}
}

@ARTICLE{2016arXiv160100670B,
       author = {{Blei}, David M. and {Kucukelbir}, Alp and {McAuliffe}, Jon D.},
        title = "{Variational Inference: A Review for Statisticians}",
      journal = {arXiv e-prints},
     keywords = {Statistics - Computation, Computer Science - Machine Learning, Statistics - Machine Learning},
         year = 2016,
        month = jan,
          eid = {arXiv:1601.00670},
        pages = {arXiv:1601.00670},
archivePrefix = {arXiv},
       eprint = {1601.00670},
 primaryClass = {stat.CO},
       adsurl = {https://ui.adsabs.harvard.edu/abs/2016arXiv160100670B},
      adsnote = {Provided by the SAO/NASA Astrophysics Data System}
}


@ARTICLE{2009MNRAS.399.1773C,
       author = {{Crain}, Robert A. and {Theuns}, Tom and {Dalla Vecchia}, Claudio and {Eke}, Vincent R. and {Frenk}, Carlos S. and {Jenkins}, Adrian and {Kay}, Scott T. and {Peacock}, John A. and {Pearce}, Frazer R. and {Schaye}, Joop and {Springel}, Volker and {Thomas}, Peter A. and {White}, Simon D.~M. and {Wiersma}, Robert P.~C.},
        title = "{Galaxies-intergalactic medium interaction calculation - I. Galaxy formation as a function of large-scale environment}",
      journal = {\mnras},
     keywords = {methods: N-body simulations, galaxies: abundances, galaxies: clusters: general, galaxies: formation, intergalactic medium, Astrophysics - Cosmology and Extragalactic Astrophysics, Astrophysics - Galaxy Astrophysics},
         year = 2009,
        month = nov,
       volume = {399},
       number = {4},
        pages = {1773-1794},
          doi = {10.1111/j.1365-2966.2009.15402.x},
archivePrefix = {arXiv},
       eprint = {0906.4350},
 primaryClass = {astro-ph.CO},
       adsurl = {https://ui.adsabs.harvard.edu/abs/2009MNRAS.399.1773C},
      adsnote = {Provided by the SAO/NASA Astrophysics Data System}
}


@ARTICLE{2018PhR...733....1D,
       author = {{Desjacques}, Vincent and {Jeong}, Donghui and {Schmidt}, Fabian},
        title = "{Large-scale galaxy bias}",
      journal = {\physrep},
     keywords = {Cosmology, Dark matter, Galaxy bias, Galaxy clustering, Large-scale structure, Primordial non-Gaussianity, Astrophysics - Cosmology and Nongalactic Astrophysics, Astrophysics - Astrophysics of Galaxies, General Relativity and Quantum Cosmology, High Energy Physics - Phenomenology},
         year = 2018,
        month = feb,
       volume = {733},
        pages = {1-193},
          doi = {10.1016/j.physrep.2017.12.002},
archivePrefix = {arXiv},
       eprint = {1611.09787},
 primaryClass = {astro-ph.CO},
       adsurl = {https://ui.adsabs.harvard.edu/abs/2018PhR...733....1D},
      adsnote = {Provided by the SAO/NASA Astrophysics Data System}
}

@ARTICLE{2000MNRAS.311..793B,
       author = {{Benson}, A.~J. and {Cole}, S. and {Frenk}, C.~S. and {Baugh}, C.~M. and {Lacey}, C.~G.},
        title = "{The nature of galaxy bias and clustering}",
      journal = {\mnras},
     keywords = {GALAXIES: FORMATION, GALAXIES: STATISTICS, LARGE-SCALE STRUCTURE OF UNIVERSE, Astrophysics},
         year = 2000,
        month = feb,
       volume = {311},
       number = {4},
        pages = {793-808},
          doi = {10.1046/j.1365-8711.2000.03101.x},
archivePrefix = {arXiv},
       eprint = {astro-ph/9903343},
 primaryClass = {astro-ph},
       adsurl = {https://ui.adsabs.harvard.edu/abs/2000MNRAS.311..793B},
      adsnote = {Provided by the SAO/NASA Astrophysics Data System}
}

@ARTICLE{2011ApJ...736...59Z,
       author = {{Zehavi}, Idit and {Zheng}, Zheng and {Weinberg}, David H. and {Blanton}, Michael R. and {Bahcall}, Neta A. and {Berlind}, Andreas A. and {Brinkmann}, Jon and {Frieman}, Joshua A. and {Gunn}, James E. and {Lupton}, Robert H. and {Nichol}, Robert C. and {Percival}, Will J. and {Schneider}, Donald P. and {Skibba}, Ramin A. and {Strauss}, Michael A. and {Tegmark}, Max and {York}, Donald G.},
        title = "{Galaxy Clustering in the Completed SDSS Redshift Survey: The Dependence on Color and Luminosity}",
      journal = {\apj},
     keywords = {cosmology: observations, cosmology: theory, galaxies: distances and redshifts, galaxies: halos, galaxies: statistics, large-scale structure of universe, Astrophysics - Cosmology and Nongalactic Astrophysics},
         year = 2011,
        month = jul,
       volume = {736},
       number = {1},
          eid = {59},
        pages = {59},
          doi = {10.1088/0004-637X/736/1/59},
archivePrefix = {arXiv},
       eprint = {1005.2413},
 primaryClass = {astro-ph.CO},
       adsurl = {https://ui.adsabs.harvard.edu/abs/2011ApJ...736...59Z},
      adsnote = {Provided by the SAO/NASA Astrophysics Data System}
}

@ARTICLE{2011MNRAS.414.1405N,
       author = {{Neistein}, Eyal and {Weinmann}, Simone M. and {Li}, Cheng and {Boylan-Kolchin}, Michael},
        title = "{Linking haloes to galaxies: how many halo properties are needed?}",
      journal = {\mnras},
     keywords = {galaxies: abundances, galaxies: evolution, galaxies: formation, galaxies: haloes, galaxies: statistics, large-scale structure of Universe, Astrophysics - Cosmology and Extragalactic Astrophysics},
         year = 2011,
        month = jun,
       volume = {414},
       number = {2},
        pages = {1405-1417},
          doi = {10.1111/j.1365-2966.2011.18473.x},
archivePrefix = {arXiv},
       eprint = {1011.2492},
 primaryClass = {astro-ph.CO},
       adsurl = {https://ui.adsabs.harvard.edu/abs/2011MNRAS.414.1405N},
      adsnote = {Provided by the SAO/NASA Astrophysics Data System}
}



@ARTICLE{2003MNRAS.340..771V,
       author = {{van den Bosch}, Frank C. and {Yang}, Xiaohu and {Mo}, H.~J.},
        title = "{Linking early- and late-type galaxies to their dark matter haloes}",
      journal = {\mnras},
     keywords = {galaxies: clusters: general, galaxies: formation, dark matter, large-scale structure of Universe, Astrophysics},
         year = 2003,
        month = apr,
       volume = {340},
       number = {3},
        pages = {771-792},
          doi = {10.1046/j.1365-8711.2003.06335.x},
archivePrefix = {arXiv},
       eprint = {astro-ph/0210495},
 primaryClass = {astro-ph},
       adsurl = {https://ui.adsabs.harvard.edu/abs/2003MNRAS.340..771V},
      adsnote = {Provided by the SAO/NASA Astrophysics Data System}
}



@ARTICLE{2006ApJ...652...71W,
       author = {{Wechsler}, Risa H. and {Zentner}, Andrew R. and {Bullock}, James S. and {Kravtsov}, Andrey V. and {Allgood}, Brandon},
        title = "{The Dependence of Halo Clustering on Halo Formation History, Concentration, and Occupation}",
      journal = {\apj},
     keywords = {Cosmology: Theory, Cosmology: Dark Matter, Galaxies: Formation, Galaxies: Halos, Cosmology: Large-Scale Structure of Universe, Methods: Numerical, Astrophysics},
         year = 2006,
        month = nov,
       volume = {652},
       number = {1},
        pages = {71-84},
          doi = {10.1086/507120},
archivePrefix = {arXiv},
       eprint = {astro-ph/0512416},
 primaryClass = {astro-ph},
       adsurl = {https://ui.adsabs.harvard.edu/abs/2006ApJ...652...71W},
      adsnote = {Provided by the SAO/NASA Astrophysics Data System}
}

@ARTICLE{2015arXiv150303757S,
       author = {{Spergel}, D. and {Gehrels}, N. and {Baltay}, C. and {Bennett}, D. and {Breckinridge}, J. and {Donahue}, M. and {Dressler}, A. and {Gaudi}, B.~S. and {Greene}, T. and {Guyon}, O. and {Hirata}, C. and {Kalirai}, J. and {Kasdin}, N.~J. and {Macintosh}, B. and {Moos}, W. and {Perlmutter}, S. and {Postman}, M. and {Rauscher}, B. and {Rhodes}, J. and {Wang}, Y. and {Weinberg}, D. and {Benford}, D. and {Hudson}, M. and {Jeong}, W. -S. and {Mellier}, Y. and {Traub}, W. and {Yamada}, T. and {Capak}, P. and {Colbert}, J. and {Masters}, D. and {Penny}, M. and {Savransky}, D. and {Stern}, D. and {Zimmerman}, N. and {Barry}, R. and {Bartusek}, L. and {Carpenter}, K. and {Cheng}, E. and {Content}, D. and {Dekens}, F. and {Demers}, R. and {Grady}, K. and {Jackson}, C. and {Kuan}, G. and {Kruk}, J. and {Melton}, M. and {Nemati}, B. and {Parvin}, B. and {Poberezhskiy}, I. and {Peddie}, C. and {Ruffa}, J. and {Wallace}, J.~K. and {Whipple}, A. and {Wollack}, E. and {Zhao}, F.},
        title = "{Wide-Field InfrarRed Survey Telescope-Astrophysics Focused Telescope Assets WFIRST-AFTA 2015 Report}",
      journal = {arXiv e-prints},
     keywords = {Astrophysics - Instrumentation and Methods for Astrophysics},
         year = 2015,
        month = mar,
          eid = {arXiv:1503.03757},
        pages = {arXiv:1503.03757},
archivePrefix = {arXiv},
       eprint = {1503.03757},
 primaryClass = {astro-ph.IM},
       adsurl = {https://ui.adsabs.harvard.edu/abs/2015arXiv150303757S},
      adsnote = {Provided by the SAO/NASA Astrophysics Data System}
}

@ARTICLE{2016arXiv161100036D,
       author = {{DESI Collaboration} and {Aghamousa}, Amir and {Aguilar}, Jessica and {Ahlen}, Steve and {Alam}, Shadab and {Allen}, Lori E. and {Allende Prieto}, Carlos and {Annis}, James and {Bailey}, Stephen and {Balland}, Christophe and {Ballester}, Otger and {Baltay}, Charles and {Beaufore}, Lucas and {Bebek}, Chris and {Beers}, Timothy C. and {Bell}, Eric F. and {Bernal}, Jos{\'e} Luis and {Besuner}, Robert and {Beutler}, Florian and {Blake}, Chris and {Bleuler}, Hannes and {Blomqvist}, Michael and {Blum}, Robert and {Bolton}, Adam S. and {Briceno}, Cesar and {Brooks}, David and {Brownstein}, Joel R. and {Buckley-Geer}, Elizabeth and {Burden}, Angela and {Burtin}, Etienne and {Busca}, Nicolas G. and {Cahn}, Robert N. and {Cai}, Yan-Chuan and {Cardiel-Sas}, Laia and {Carlberg}, Raymond G. and {Carton}, Pierre-Henri and {Casas}, Ricard and {Castander}, Francisco J. and {Cervantes-Cota}, Jorge L. and {Claybaugh}, Todd M. and {Close}, Madeline and {Coker}, Carl T. and {Cole}, Shaun and {Comparat}, Johan and {Cooper}, Andrew P. and {Cousinou}, M. -C. and {Crocce}, Martin and {Cuby}, Jean-Gabriel and {Cunningham}, Daniel P. and {Davis}, Tamara M. and {Dawson}, Kyle S. and {de la Macorra}, Axel and {De Vicente}, Juan and {Delubac}, Timoth{\'e}e and {Derwent}, Mark and {Dey}, Arjun and {Dhungana}, Govinda and {Ding}, Zhejie and {Doel}, Peter and {Duan}, Yutong T. and {Ealet}, Anne and {Edelstein}, Jerry and {Eftekharzadeh}, Sarah and {Eisenstein}, Daniel J. and {Elliott}, Ann and {Escoffier}, St{\'e}phanie and {Evatt}, Matthew and {Fagrelius}, Parker and {Fan}, Xiaohui and {Fanning}, Kevin and {Farahi}, Arya and {Farihi}, Jay and {Favole}, Ginevra and {Feng}, Yu and {Fernandez}, Enrique and {Findlay}, Joseph R. and {Finkbeiner}, Douglas P. and {Fitzpatrick}, Michael J. and {Flaugher}, Brenna and {Flender}, Samuel and {Font-Ribera}, Andreu and {Forero-Romero}, Jaime E. and {Fosalba}, Pablo and {Frenk}, Carlos S. and {Fumagalli}, Michele and {Gaensicke}, Boris T. and {Gallo}, Giuseppe and {Garcia-Bellido}, Juan and {Gaztanaga}, Enrique and {Pietro Gentile Fusillo}, Nicola and {Gerard}, Terry and {Gershkovich}, Irena and {Giannantonio}, Tommaso and {Gillet}, Denis and {Gonzalez-de-Rivera}, Guillermo and {Gonzalez-Perez}, Violeta and {Gott}, Shelby and {Graur}, Or and {Gutierrez}, Gaston and {Guy}, Julien and {Habib}, Salman and {Heetderks}, Henry and {Heetderks}, Ian and {Heitmann}, Katrin and {Hellwing}, Wojciech A. and {Herrera}, David A. and {Ho}, Shirley and {Holland}, Stephen and {Honscheid}, Klaus and {Huff}, Eric and {Hutchinson}, Timothy A. and {Huterer}, Dragan and {Hwang}, Ho Seong and {Illa Laguna}, Joseph Maria and {Ishikawa}, Yuzo and {Jacobs}, Dianna and {Jeffrey}, Niall and {Jelinsky}, Patrick and {Jennings}, Elise and {Jiang}, Linhua and {Jimenez}, Jorge and {Johnson}, Jennifer and {Joyce}, Richard and {Jullo}, Eric and {Juneau}, St{\'e}phanie and {Kama}, Sami and {Karcher}, Armin and {Karkar}, Sonia and {Kehoe}, Robert and {Kennamer}, Noble and {Kent}, Stephen and {Kilbinger}, Martin and {Kim}, Alex G. and {Kirkby}, David and {Kisner}, Theodore and {Kitanidis}, Ellie and {Kneib}, Jean-Paul and {Koposov}, Sergey and {Kovacs}, Eve and {Koyama}, Kazuya and {Kremin}, Anthony and {Kron}, Richard and {Kronig}, Luzius and {Kueter-Young}, Andrea and {Lacey}, Cedric G. and {Lafever}, Robin and {Lahav}, Ofer and {Lambert}, Andrew and {Lampton}, Michael and {Landriau}, Martin and {Lang}, Dustin and {Lauer}, Tod R. and {Le Goff}, Jean-Marc and {Le Guillou}, Laurent and {Le Van Suu}, Auguste and {Lee}, Jae Hyeon and {Lee}, Su-Jeong and {Leitner}, Daniela and {Lesser}, Michael and {Levi}, Michael E. and {L'Huillier}, Benjamin and {Li}, Baojiu and {Liang}, Ming and {Lin}, Huan and {Linder}, Eric and {Loebman}, Sarah R. and {Luki{\'c}}, Zarija and {Ma}, Jun and {MacCrann}, Niall and {Magneville}, Christophe and {Makarem}, Laleh and {Manera}, Marc and {Manser}, Christopher J. and {Marshall}, Robert and {Martini}, Paul and {Massey}, Richard and {Matheson}, Thomas and {McCauley}, Jeremy and {McDonald}, Patrick and {McGreer}, Ian D. and {Meisner}, Aaron and {Metcalfe}, Nigel and {Miller}, Timothy N. and {Miquel}, Ramon and {Moustakas}, John and {Myers}, Adam and {Naik}, Milind and {Newman}, Jeffrey A. and {Nichol}, Robert C. and {Nicola}, Andrina and {Nicolati da Costa}, Luiz and {Nie}, Jundan and {Niz}, Gustavo and {Norberg}, Peder and {Nord}, Brian and {Norman}, Dara and {Nugent}, Peter and {O'Brien}, Thomas and {Oh}, Minji and {Olsen}, Knut A.~G. and {Padilla}, Cristobal and {Padmanabhan}, Hamsa and {Padmanabhan}, Nikhil and {Palanque-Delabrouille}, Nathalie and {Palmese}, Antonella and {Pappalardo}, Daniel and {P{\^a}ris}, Isabelle and {Park}, Changbom and {Patej}, Anna and {Peacock}, John A. and {Peiris}, Hiranya V. and {Peng}, Xiyan and {Percival}, Will J. and {Perruchot}, Sandrine and {Pieri}, Matthew M. and {Pogge}, Richard and {Pollack}, Jennifer E. and {Poppett}, Claire and {Prada}, Francisco and {Prakash}, Abhishek and {Probst}, Ronald G. and {Rabinowitz}, David and {Raichoor}, Anand and {Ree}, Chang Hee and {Refregier}, Alexandre and {Regal}, Xavier and {Reid}, Beth and {Reil}, Kevin and {Rezaie}, Mehdi and {Rockosi}, Constance M. and {Roe}, Natalie and {Ronayette}, Samuel and {Roodman}, Aaron and {Ross}, Ashley J. and {Ross}, Nicholas P. and {Rossi}, Graziano and {Rozo}, Eduardo and {Ruhlmann-Kleider}, Vanina and {Rykoff}, Eli S. and {Sabiu}, Cristiano and {Samushia}, Lado and {Sanchez}, Eusebio and {Sanchez}, Javier and {Schlegel}, David J. and {Schneider}, Michael and {Schubnell}, Michael and {Secroun}, Aur{\'e}lia and {Seljak}, Uros and {Seo}, Hee-Jong and {Serrano}, Santiago and {Shafieloo}, Arman and {Shan}, Huanyuan and {Sharples}, Ray and {Sholl}, Michael J. and {Shourt}, William V. and {Silber}, Joseph H. and {Silva}, David R. and {Sirk}, Martin M. and {Slosar}, Anze and {Smith}, Alex and {Smoot}, George F. and {Som}, Debopam and {Song}, Yong-Seon and {Sprayberry}, David and {Staten}, Ryan and {Stefanik}, Andy and {Tarle}, Gregory and {Sien Tie}, Suk and {Tinker}, Jeremy L. and {Tojeiro}, Rita and {Valdes}, Francisco and {Valenzuela}, Octavio and {Valluri}, Monica and {Vargas-Magana}, Mariana and {Verde}, Licia and {Walker}, Alistair R. and {Wang}, Jiali and {Wang}, Yuting and {Weaver}, Benjamin A. and {Weaverdyck}, Curtis and {Wechsler}, Risa H. and {Weinberg}, David H. and {White}, Martin and {Yang}, Qian and {Yeche}, Christophe and {Zhang}, Tianmeng and {Zhao}, Gong-Bo and {Zheng}, Yi and {Zhou}, Xu and {Zhou}, Zhimin and {Zhu}, Yaling and {Zou}, Hu and {Zu}, Ying},
        title = "{The DESI Experiment Part I: Science,Targeting, and Survey Design}",
      journal = {arXiv e-prints},
     keywords = {Astrophysics - Instrumentation and Methods for Astrophysics, Astrophysics - Cosmology and Nongalactic Astrophysics},
         year = 2016,
        month = oct,
          eid = {arXiv:1611.00036},
        pages = {arXiv:1611.00036},
archivePrefix = {arXiv},
       eprint = {1611.00036},
 primaryClass = {astro-ph.IM},
       adsurl = {https://ui.adsabs.harvard.edu/abs/2016arXiv161100036D},
      adsnote = {Provided by the SAO/NASA Astrophysics Data System}
}

@INPROCEEDINGS{2016SPIE.9908E..1MT,
       author = {{Tamura}, Naoyuki and {Takato}, Naruhisa and {Shimono}, Atsushi and {Moritani}, Yuki and {Yabe}, Kiyoto and {Ishizuka}, Yuki and {Ueda}, Akitoshi and {Kamata}, Yukiko and {Aghazarian}, Hrand and {Arnouts}, St{\'e}phane and {Barban}, Gabriel and {Barkhouser}, Robert H. and {Borges}, Renato C. and {Braun}, David F. and {Carr}, Michael A. and {Chabaud}, Pierre-Yves and {Chang}, Yin-Chang and {Chen}, Hsin-Yo and {Chiba}, Masashi and {Chou}, Richard C.~Y. and {Chu}, You-Hua and {Cohen}, Judith and {de Almeida}, Rodrigo P. and {de Oliveira}, Antonio C. and {de Oliveira}, Ligia S. and {Dekany}, Richard G. and {Dohlen}, Kjetil and {dos Santos}, Jesulino B. and {dos Santos}, Leandro H. and {Ellis}, Richard and {Fabricius}, Maximilian and {Ferrand}, Didier and {Ferreira}, D{\'e}cio and {Golebiowski}, Mirek and {Greene}, Jenny E. and {Gross}, Johannes and {Gunn}, James E. and {Hammond}, Randolph and {Harding}, Albert and {Hart}, Murdock and {Heckman}, Timothy M. and {Hirata}, Christopher M. and {Ho}, Paul and {Hope}, Stephen C. and {Hovland}, Larry and {Hsu}, Shu-Fu and {Hu}, Yen-Shan and {Huang}, Ping-Jie and {Jaquet}, Marc and {Jing}, Yipeng and {Karr}, Jennifer and {Kimura}, Masahiko and {King}, Matthew E. and {Komatsu}, Eiichiro and {Le Brun}, Vincent and {Le F{\`e}vre}, Olivier and {Le Fur}, Arnaud and {Le Mignant}, David and {Ling}, Hung-Hsu and {Loomis}, Craig P. and {Lupton}, Robert H. and {Madec}, Fabrice and {Mao}, Peter and {Marrara}, Lucas S. and {Mendes de Oliveira}, Claudia and {Minowa}, Yosuke and {Morantz}, Chaz and {Murayama}, Hitoshi and {Murray}, Graham J. and {Ohyama}, Youichi and {Orndorff}, Joseph and {Pascal}, Sandrine and {Pereira}, Jefferson M. and {Reiley}, Daniel and {Reinecke}, Martin and {Ritter}, Andreas and {Roberts}, Mitsuko and {Schwochert}, Mark A. and {Seiffert}, Michael D. and {Smee}, Stephen A. and {Sodre}, Laerte and {Spergel}, David N. and {Steinkraus}, Aaron J. and {Strauss}, Michael A. and {Surace}, Christian and {Suto}, Yasushi and {Suzuki}, Nao and {Swinbank}, John and {Tait}, Philip J. and {Takada}, Masahiro and {Tamura}, Tomonori and {Tanaka}, Yoko and {Tresse}, Laurence and {Verducci}, Orlando and {Vibert}, Didier and {Vidal}, Clement and {Wang}, Shiang-Yu and {Wen}, Chih-Yi and {Yan}, Chi-Hung and {Yasuda}, Naoki},
        title = "{Prime Focus Spectrograph (PFS) for the Subaru telescope: overview, recent progress, and future perspectives}",
     keywords = {Astrophysics - Instrumentation and Methods for Astrophysics, Astrophysics - Cosmology and Nongalactic Astrophysics, Astrophysics - Astrophysics of Galaxies},
    booktitle = {Ground-based and Airborne Instrumentation for Astronomy VI},
         year = 2016,
       editor = {{Evans}, Christopher J. and {Simard}, Luc and {Takami}, Hideki},
       series = {Society of Photo-Optical Instrumentation Engineers (SPIE) Conference Series},
       volume = {9908},
        month = aug,
          eid = {99081M},
        pages = {99081M},
          doi = {10.1117/12.2232103},
archivePrefix = {arXiv},
       eprint = {1608.01075},
 primaryClass = {astro-ph.IM},
       adsurl = {https://ui.adsabs.harvard.edu/abs/2016SPIE.9908E..1MT},
      adsnote = {Provided by the SAO/NASA Astrophysics Data System}
}



@ARTICLE{2009ApJ...707..554Z,
       author = {{Zheng}, Zheng and {Zehavi}, Idit and {Eisenstein}, Daniel J. and {Weinberg}, David H. and {Jing}, Y.~P.},
        title = "{Halo Occupation Distribution Modeling of Clustering of Luminous Red Galaxies}",
      journal = {\apj},
     keywords = {cosmology: observations, galaxies: clusters: general, galaxies: elliptical and lenticular, cD, galaxies: evolution, galaxies: halos, galaxies: statistics, Astrophysics},
         year = 2009,
        month = dec,
       volume = {707},
       number = {1},
        pages = {554-572},
          doi = {10.1088/0004-637X/707/1/554},
archivePrefix = {arXiv},
       eprint = {0809.1868},
 primaryClass = {astro-ph},
       adsurl = {https://ui.adsabs.harvard.edu/abs/2009ApJ...707..554Z},
      adsnote = {Provided by the SAO/NASA Astrophysics Data System}
}


@ARTICLE{2016MNRAS.463.1929M,
       author = {{Mehrtens}, Nicola and {Romer}, A. Kathy and {Nichol}, Robert C. and {Collins}, Chris A. and {Sahl{\'e}n}, Martin and {Rooney}, Philip J. and {Mayers}, Julian A. and {Bermeo-Hernandez}, A. and {Bristow}, Martyn and {Capozzi}, Diego and {Christodoulou}, L. and {Comparat}, Johan and {Hilton}, Matt and {Hoyle}, Ben and {Kay}, Scott T. and {Liddle}, Andrew R. and {Mann}, Robert G. and {Masters}, Karen and {Miller}, Christopher J. and {Parejko}, John K. and {Prada}, Francisco and {Ross}, Ashley J. and {Schneider}, Donald P. and {Stott}, John P. and {Streblyanska}, Alina and {Viana}, Pedro T.~P. and {White}, Martin and {Wilcox}, Harry and {Zehavi}, Idit},
        title = "{The XMM Cluster Survey: the halo occupation number of BOSS galaxies in X-ray clusters}",
      journal = {\mnras},
     keywords = {galaxies: haloes, X-rays: galaxies: clusters, Astrophysics - Cosmology and Nongalactic Astrophysics},
         year = 2016,
        month = dec,
       volume = {463},
       number = {2},
        pages = {1929-1943},
          doi = {10.1093/mnras/stw2119},
archivePrefix = {arXiv},
       eprint = {1512.03432},
 primaryClass = {astro-ph.CO},
       adsurl = {https://ui.adsabs.harvard.edu/abs/2016MNRAS.463.1929M},
      adsnote = {Provided by the SAO/NASA Astrophysics Data System}
}
@ARTICLE{2016MNRAS.457.1770C,
       author = {{Cuesta}, Antonio J. and {Vargas-Maga{\~n}a}, Mariana and {Beutler}, Florian and {Bolton}, Adam S. and {Brownstein}, Joel R. and {Eisenstein}, Daniel J. and {Gil-Mar{\'\i}n}, H{\'e}ctor and {Ho}, Shirley and {McBride}, Cameron K. and {Maraston}, Claudia and {Padmanabhan}, Nikhil and {Percival}, Will J. and {Reid}, Beth A. and {Ross}, Ashley J. and {Ross}, Nicholas P. and {S{\'a}nchez}, Ariel G. and {Schlegel}, David J. and {Schneider}, Donald P. and {Thomas}, Daniel and {Tinker}, Jeremy and {Tojeiro}, Rita and {Verde}, Licia and {White}, Martin},
        title = "{The clustering of galaxies in the SDSS-III Baryon Oscillation Spectroscopic Survey: baryon acoustic oscillations in the correlation function of LOWZ and CMASS galaxies in Data Release 12}",
      journal = {\mnras},
     keywords = {cosmology: observations, distance scale, large-scale structure of Universe, Astrophysics - Cosmology and Nongalactic Astrophysics},
         year = 2016,
        month = apr,
       volume = {457},
       number = {2},
        pages = {1770-1785},
          doi = {10.1093/mnras/stw066},
archivePrefix = {arXiv},
       eprint = {1509.06371},
 primaryClass = {astro-ph.CO},
       adsurl = {https://ui.adsabs.harvard.edu/abs/2016MNRAS.457.1770C},
      adsnote = {Provided by the SAO/NASA Astrophysics Data System}
}

@ARTICLE{2021PhRvL.126n1301T,
       author = {{To}, C. and {Krause}, E. and {Rozo}, E. and {Wu}, H. and {Gruen}, D. and {Wechsler}, R.~H. and {Eifler}, T.~F. and {Rykoff}, E.~S. and {Costanzi}, M. and {Becker}, M.~R. and {Bernstein}, G.~M. and {Blazek}, J. and {Bocquet}, S. and {Bridle}, S.~L. and {Cawthon}, R. and {Choi}, A. and {Crocce}, M. and {Davis}, C. and {DeRose}, J. and {Drlica-Wagner}, A. and {Elvin-Poole}, J. and {Fang}, X. and {Farahi}, A. and {Friedrich}, O. and {Gatti}, M. and {Gaztanaga}, E. and {Giannantonio}, T. and {Hartley}, W.~G. and {Hoyle}, B. and {Jarvis}, M. and {MacCrann}, N. and {McClintock}, T. and {Miranda}, V. and {Pereira}, M.~E.~S. and {Park}, Y. and {Porredon}, A. and {Prat}, J. and {Rau}, M.~M. and {Ross}, A.~J. and {Samuroff}, S. and {S{\'a}nchez}, C. and {Sevilla-Noarbe}, I. and {Sheldon}, E. and {Troxel}, M.~A. and {Varga}, T.~N. and {Vielzeuf}, P. and {Zhang}, Y. and {Zuntz}, J. and {Abbott}, T.~M.~C. and {Aguena}, M. and {Amon}, A. and {Annis}, J. and {Avila}, S. and {Bertin}, E. and {Bhargava}, S. and {Brooks}, D. and {Burke}, D.~L. and {Carnero Rosell}, A. and {Carrasco Kind}, M. and {Carretero}, J. and {Chang}, C. and {Conselice}, C. and {da Costa}, L.~N. and {Davis}, T.~M. and {Desai}, S. and {Diehl}, H.~T. and {Dietrich}, J.~P. and {Everett}, S. and {Evrard}, A.~E. and {Ferrero}, I. and {Flaugher}, B. and {Fosalba}, P. and {Frieman}, J. and {Garc{\'\i}a-Bellido}, J. and {Gruendl}, R.~A. and {Gutierrez}, G. and {Hinton}, S.~R. and {Hollowood}, D.~L. and {Honscheid}, K. and {Huterer}, D. and {James}, D.~J. and {Jeltema}, T. and {Kron}, R. and {Kuehn}, K. and {Kuropatkin}, N. and {Lima}, M. and {Maia}, M.~A.~G. and {Marshall}, J.~L. and {Menanteau}, F. and {Miquel}, R. and {Morgan}, R. and {Muir}, J. and {Myles}, J. and {Palmese}, A. and {Paz-Chinch{\'o}n}, F. and {Plazas}, A.~A. and {Romer}, A.~K. and {Roodman}, A. and {Sanchez}, E. and {Santiago}, B. and {Scarpine}, V. and {Serrano}, S. and {Smith}, M. and {Suchyta}, E. and {Swanson}, M.~E.~C. and {Tarle}, G. and {Thomas}, D. and {Tucker}, D.~L. and {Weller}, J. and {Wester}, W. and {Wilkinson}, R.~D. and {DES Collaboration}},
        title = "{Dark Energy Survey Year 1 Results: Cosmological Constraints from Cluster Abundances, Weak Lensing, and Galaxy Correlations}",
      journal = {\prl},
     keywords = {Astrophysics - Cosmology and Nongalactic Astrophysics},
         year = 2021,
        month = apr,
       volume = {126},
       number = {14},
          eid = {141301},
        pages = {141301},
          doi = {10.1103/PhysRevLett.126.141301},
archivePrefix = {arXiv},
       eprint = {2010.01138},
 primaryClass = {astro-ph.CO},
       adsurl = {https://ui.adsabs.harvard.edu/abs/2021PhRvL.126n1301T},
      adsnote = {Provided by the SAO/NASA Astrophysics Data System}
}

@ARTICLE{2020JCAP...05..042I,
       author = {{Ivanov}, Mikhail M. and {Simonovi{\'c}}, Marko and {Zaldarriaga}, Matias},
        title = "{Cosmological parameters from the BOSS galaxy power spectrum}",
      journal = {\jcap},
     keywords = {Astrophysics - Cosmology and Nongalactic Astrophysics, General Relativity and Quantum Cosmology, High Energy Physics - Phenomenology},
         year = 2020,
        month = may,
       volume = {2020},
       number = {5},
          eid = {042},
        pages = {042},
          doi = {10.1088/1475-7516/2020/05/042},
archivePrefix = {arXiv},
       eprint = {1909.05277},
 primaryClass = {astro-ph.CO},
       adsurl = {https://ui.adsabs.harvard.edu/abs/2020JCAP...05..042I},
      adsnote = {Provided by the SAO/NASA Astrophysics Data System}
}

@ARTICLE{1998MNRAS.293..209M,
       author = {{Mann}, R.~G. and {Peacock}, J.~A. and {Heavens}, A.~F.},
        title = "{Eulerian bias and the galaxy density field}",
      journal = {\mnras},
     keywords = {Space Density, Density Distribution, Galactic Structure, Euler Equations Of Motion, Galactic Clusters, Statistical Distributions, Universe, Power Spectra, Astrophysics, GALAXIES: CLUSTERS: GENERAL, LARGE-SCALE STRUCTURE OF UNIVERSE, Astrophysics},
         year = 1998,
        month = jan,
       volume = {293},
       number = {3},
        pages = {209-221},
          doi = {10.1046/j.1365-8711.1998.01053.x},
archivePrefix = {arXiv},
       eprint = {astro-ph/9708031},
 primaryClass = {astro-ph},
       adsurl = {https://ui.adsabs.harvard.edu/abs/1998MNRAS.293..209M},
      adsnote = {Provided by the SAO/NASA Astrophysics Data System}
}

@ARTICLE{2002ApJ...575..587B,
       author = {{Berlind}, Andreas A. and {Weinberg}, David H.},
        title = "{The Halo Occupation Distribution: Toward an Empirical Determination of the Relation between Galaxies and Mass}",
      journal = {\apj},
     keywords = {Cosmology: Theory, Galaxies: Formation, Cosmology: Large-Scale Structure of Universe, Methods: n-Body Simulations, Astrophysics},
         year = 2002,
        month = aug,
       volume = {575},
       number = {2},
        pages = {587-616},
          doi = {10.1086/341469},
archivePrefix = {arXiv},
       eprint = {astro-ph/0109001},
 primaryClass = {astro-ph},
       adsurl = {https://ui.adsabs.harvard.edu/abs/2002ApJ...575..587B},
      adsnote = {Provided by the SAO/NASA Astrophysics Data System}
}


@ARTICLE{2000MNRAS.318.1144P,
       author = {{Peacock}, J.~A. and {Smith}, R.~E.},
        title = "{Halo occupation numbers and galaxy bias}",
      journal = {\mnras},
     keywords = {GALAXIES: CLUSTERS: GENERAL, COSMOLOGY: THEORY, LARGE-SCALE STRUCTURE OF UNIVERSE, Astrophysics},
         year = 2000,
        month = nov,
       volume = {318},
       number = {4},
        pages = {1144-1156},
          doi = {10.1046/j.1365-8711.2000.03779.x},
archivePrefix = {arXiv},
       eprint = {astro-ph/0005010},
 primaryClass = {astro-ph},
       adsurl = {https://ui.adsabs.harvard.edu/abs/2000MNRAS.318.1144P},
      adsnote = {Provided by the SAO/NASA Astrophysics Data System}
}



@ARTICLE{2021TARDISII,
       author = {{Horowitz}, Benjamin and {Zhang}, Benjamin and {Lee}, Khee-Gan and {Kooistra}, Robin},
        title = "{TARDIS. II. Synergistic Density Reconstruction from Ly{\ensuremath{\alpha}} Forest and Spectroscopic Galaxy Surveys with Applications to Protoclusters and the Cosmic Web}",
      journal = {\apj},
     keywords = {Intergalactic medium, Extragalactic astronomy, Lyman alpha forest, Quasars, Large-scale structure of the universe, Cosmology, Voids, Intergalactic filaments, 813, 506, 980, 1319, 902, 343, 1779, 811, Astrophysics - Cosmology and Nongalactic Astrophysics, Astrophysics - Astrophysics of Galaxies},
         year = 2021,
        month = jan,
       volume = {906},
       number = {2},
          eid = {110},
        pages = {110},
          doi = {10.3847/1538-4357/abca35},
archivePrefix = {arXiv},
       eprint = {2007.15994},
 primaryClass = {astro-ph.CO},
       adsurl = {https://ui.adsabs.harvard.edu/abs/2021ApJ...906..110H},
      adsnote = {Provided by the SAO/NASA Astrophysics Data System}
}


@ARTICLE{2017JCAP...12..009S,
       author = {{Seljak}, Uro{\v{s}} and {Aslanyan}, Grigor and {Feng}, Yu and
         {Modi}, Chirag},
        title = "{Towards optimal extraction of cosmological information from nonlinear data}",
      journal = {\jcap},
     keywords = {Astrophysics - Cosmology and Nongalactic Astrophysics},
         year = 2017,
        month = dec,
       volume = {2017},
       number = {12},
          eid = {009},
        pages = {009},
          doi = {10.1088/1475-7516/2017/12/009},
archivePrefix = {arXiv},
       eprint = {1706.06645},
 primaryClass = {astro-ph.CO},
       adsurl = {https://ui.adsabs.harvard.edu/abs/2017JCAP...12..009S},
      adsnote = {Provided by the SAO/NASA Astrophysics Data System}
}


@ARTICLE{2019PhRvD.100d3515K,
       author = {{Kodi Ramanah}, Doogesh and {Charnock}, Tom and {Lavaux}, Guilhem},
        title = "{Painting halos from cosmic density fields of dark matter with physically motivated neural networks}",
      journal = {\prd},
     keywords = {Astrophysics - Cosmology and Nongalactic Astrophysics, Astrophysics - Instrumentation and Methods for Astrophysics},
         year = 2019,
        month = aug,
       volume = {100},
       number = {4},
          eid = {043515},
        pages = {043515},
          doi = {10.1103/PhysRevD.100.043515},
archivePrefix = {arXiv},
       eprint = {1903.10524},
 primaryClass = {astro-ph.CO},
       adsurl = {https://ui.adsabs.harvard.edu/abs/2019PhRvD.100d3515K},
      adsnote = {Provided by the SAO/NASA Astrophysics Data System}
}

@ARTICLE{2018JCAP...10..028M,
       author = {{Modi}, Chirag and {Feng}, Yu and {Seljak}, Uro{\v{s}}},
        title = "{Cosmological reconstruction from galaxy light: neural network based light-matter connection}",
      journal = {\jcap},
     keywords = {Astrophysics - Cosmology and Nongalactic Astrophysics},
         year = 2018,
        month = oct,
       volume = {2018},
       number = {10},
          eid = {028},
        pages = {028},
          doi = {10.1088/1475-7516/2018/10/028},
archivePrefix = {arXiv},
       eprint = {1805.02247},
 primaryClass = {astro-ph.CO},
       adsurl = {https://ui.adsabs.harvard.edu/abs/2018JCAP...10..028M},
      adsnote = {Provided by the SAO/NASA Astrophysics Data System}
}

@ARTICLE{2005zheng,
       author = {{Zheng}, Zheng and {Berlind}, Andreas A. and {Weinberg}, David H. and
         {Benson}, Andrew J. and {Baugh}, Carlton M. and {Cole}, Shaun and
         {Dav{\'e}}, Romeel and {Frenk}, Carlos S. and {Katz}, Neal and
         {Lacey}, Cedric G.},
        title = "{Theoretical Models of the Halo Occupation Distribution: Separating Central and Satellite Galaxies}",
      journal = {\apj},
     keywords = {Cosmology: Theory, Galaxies: Formation, Galaxies: Halos, Cosmology: Large-Scale Structure of Universe, Astrophysics},
         year = 2005,
        month = nov,
       volume = {633},
       number = {2},
        pages = {791-809},
          doi = {10.1086/466510},
archivePrefix = {arXiv},
       eprint = {astro-ph/0408564},
 primaryClass = {astro-ph},
       adsurl = {https://ui.adsabs.harvard.edu/abs/2005ApJ...633..791Z},
      adsnote = {Provided by the SAO/NASA Astrophysics Data System}
}

@ARTICLE{2002PhR...372....1C,
       author = {{Cooray}, Asantha and {Sheth}, Ravi},
        title = "{Halo models of large scale structure}",
      journal = {\physrep},
     keywords = {Astrophysics},
         year = 2002,
        month = dec,
       volume = {372},
       number = {1},
        pages = {1-129},
          doi = {10.1016/S0370-1573(02)00276-4},
archivePrefix = {arXiv},
       eprint = {astro-ph/0206508},
 primaryClass = {astro-ph},
       adsurl = {https://ui.adsabs.harvard.edu/abs/2002PhR...372....1C},
      adsnote = {Provided by the SAO/NASA Astrophysics Data System}
}

@ARTICLE{2018PhR...733....1D,
       author = {{Desjacques}, Vincent and {Jeong}, Donghui and {Schmidt}, Fabian},
        title = "{Large-scale galaxy bias}",
      journal = {\physrep},
     keywords = {Cosmology, Dark matter, Galaxy bias, Galaxy clustering, Large-scale structure, Primordial non-Gaussianity, Astrophysics - Cosmology and Nongalactic Astrophysics, Astrophysics - Astrophysics of Galaxies, General Relativity and Quantum Cosmology, High Energy Physics - Phenomenology},
         year = 2018,
        month = feb,
       volume = {733},
        pages = {1-193},
          doi = {10.1016/j.physrep.2017.12.002},
archivePrefix = {arXiv},
       eprint = {1611.09787},
 primaryClass = {astro-ph.CO},
       adsurl = {https://ui.adsabs.harvard.edu/abs/2018PhR...733....1D},
      adsnote = {Provided by the SAO/NASA Astrophysics Data System}
}

